<record><leader>00000cas a2200000 a 4500</leader><controlfield tag="001">612405159</controlfield><controlfield tag="006">m     o  d        </controlfield><controlfield tag="007">cr |||||||||||</controlfield><controlfield tag="008">100507d18681878gauwr nso     0    0eng c</controlfield><datafield ind1=" " ind2=" " tag="010"><subfield code="a">  2010233905</subfield></datafield><datafield ind1=" " ind2=" " tag="040"><subfield code="a">GUA</subfield><subfield code="b">eng</subfield><subfield code="c">GUA</subfield><subfield code="d">OCLCQ</subfield><subfield code="d">OCLCO</subfield><subfield code="d">OCLCQ</subfield><subfield code="d">OCLCF</subfield></datafield><datafield ind1=" " ind2=" " tag="042"><subfield code="a">pcc</subfield></datafield><datafield ind1=" " ind2=" " tag="043"><subfield code="a">n-us-ga</subfield></datafield><datafield ind1="1" ind2="4" tag="050"><subfield code="a">AN13.A82</subfield></datafield><datafield ind1="0" ind2=" " tag="130"><subfield code="a">Weekly constitution (Atlanta, Ga. : 1868 : Online)</subfield></datafield><datafield ind1="1" ind2="4" tag="245"><subfield code="a">The Weekly constitution</subfield><subfield code="h">[electronic resource].</subfield></datafield><datafield ind1="1" ind2="3" tag="246"><subfield code="a">Atlanta weekly constitution</subfield></datafield><datafield ind1=" " ind2=" " tag="260"><subfield code="a">Atlanta, Ga. :</subfield><subfield code="b">W.A. Hemphill &amp; Co.,</subfield><subfield code="c">[1868-1878]</subfield></datafield><datafield ind1=" " ind2=" " tag="310"><subfield code="a">Weekly</subfield></datafield><datafield ind1="1" ind2=" " tag="362"><subfield code="a">Began in 1868; ceased with v. 11, no. 16 (Oct. 8, 1878).</subfield></datafield><datafield ind1=" " ind2=" " tag="588"><subfield code="a">Description based on: Vol. 1, no. 44 (Jan. 19, 1869); title from pdf image of caption (Georgia Historical Newspapers, viewed May 6, 2010).</subfield></datafield><datafield ind1=" " ind2=" " tag="588"><subfield code="a">Latest issue consulted: Vol. 11, no. 16 (Oct. 8, 1878), viewed May 6, 2010.</subfield></datafield><datafield ind1=" " ind2="0" tag="651"><subfield code="a">Atlanta (Ga.)</subfield><subfield code="v">Newspapers.</subfield></datafield><datafield ind1=" " ind2="0" tag="651"><subfield code="a">Fulton County (Ga.)</subfield><subfield code="v">Newspapers.</subfield></datafield><datafield ind1=" " ind2="7" tag="655"><subfield code="a">Newspapers.</subfield><subfield code="2">fast</subfield><subfield code="0">(OCoLC)fst01423814</subfield></datafield><datafield ind1=" " ind2="7" tag="651"><subfield code="a">Georgia</subfield><subfield code="z">Atlanta.</subfield><subfield code="2">fast</subfield><subfield code="0">(OCoLC)fst01204627</subfield></datafield><datafield ind1=" " ind2="7" tag="651"><subfield code="a">Georgia</subfield><subfield code="z">Fulton County.</subfield><subfield code="2">fast</subfield><subfield code="0">(OCoLC)fst01211153</subfield></datafield><datafield ind1=" " ind2=" " tag="752"><subfield code="a">United States</subfield><subfield code="b">Georgia</subfield><subfield code="c">Fulton</subfield><subfield code="d">Atlanta.</subfield></datafield><datafield ind1="1" ind2=" " tag="775"><subfield code="t">Constitution (Atlanta, Ga. : 1868 : Online)</subfield></datafield><datafield ind1="1" ind2=" " tag="775"><subfield code="t">Atlanta constitution (Atlanta, Ga. : 1869 : Online)</subfield></datafield><datafield ind1="1" ind2=" " tag="775"><subfield code="t">Atlanta daily constitution</subfield></datafield><datafield ind1="1" ind2=" " tag="775"><subfield code="t">Constitution (Atlanta, Ga. : 1875 : Online)</subfield></datafield><datafield ind1="1" ind2=" " tag="775"><subfield code="t">Daily constitution (Atlanta, Ga. : Online)</subfield></datafield><datafield ind1="0" ind2="8" tag="776"><subfield code="i">Print version:</subfield><subfield code="t">Weekly constitution (Atlanta, Ga. : 1868)</subfield><subfield code="w">(DLC)sn 84031635</subfield><subfield code="w">(OCoLC)11192504</subfield></datafield><datafield ind1="0" ind2="5" tag="780"><subfield code="t">Atlanta weekly sun (Atlanta, Ga. : 1872 : Online)</subfield><subfield code="w">(DLC)  2010233002</subfield><subfield code="w">(OCoLC)612404888</subfield></datafield><datafield ind1="0" ind2="0" tag="785"><subfield code="t">Atlanta weekly constitution (Atlanta, Ga. : 1878 : Online)</subfield><subfield code="w">(DLC)  2010233931</subfield></datafield><datafield ind1="4" ind2="0" tag="856"><subfield code="u">http://atlnewspapers.galileo.usg.edu/atlnewspapers/search?sort=year&amp;title=Constitution&amp;source.page=1</subfield></datafield></record>